@manual{jbpm6doc,
title = "jBPM Documentation",
note = "http://docs.jboss.org/jbpm/v6.0.1/userguide/",
},
@book{marcotte11,
author = "Ethan Marcotte",
title = "Responsive Web Design",
year = "2011",
publisher = "A Book Apart",
},
@book{mcgrane12,
author = "Karen McGrane",
title = "Content Strategy for Mobile",
year = "2012",
publisher = "A Book Apart",
},
@phdthesis{petovsky13,
author = "Samuel Peťovský",
title = "Klient pre správu inštancií procesov jBPM 5 na platforme Android",
school = "Masaryk University",
year = "2013",
type = "Bachelor thesis",
},
@book{silver11,
author = "Bruce Silver",
title = "BPMN Method and Style",
year = "2011",
publisher = "Cody-Cassidy Press",
},
@book{wroblewski11,
author = "Luke Wroblewski",
title = "Mobile First",
year = "2011",
publisher = "A Book Apart",
}
